<?xml version="1.0" encoding="UTF-8"?>
<record>
  <leader>02276nam#a2200493#cc4500</leader>
  <controlfield tag="005">20210409130135.0</controlfield>
  <controlfield tag="007">tu</controlfield>
  <controlfield tag="008">170504|1976####ja############|||#|#jpn#c</controlfield>
  <controlfield tag="003">DE-605</controlfield>
  <controlfield tag="001">990218189790206441</controlfield>
  <datafield tag="035" ind1=" " ind2=" ">
    <subfield code="a">(DE-605)HT019317250</subfield>
  </datafield>
  <datafield tag="040" ind1=" " ind2=" ">
    <subfield code="a">294/15</subfield>
    <subfield code="b">ger</subfield>
    <subfield code="e">rda</subfield>
  </datafield>
  <datafield tag="041" ind1=" " ind2=" ">
    <subfield code="a">jpn</subfield>
  </datafield>
  <datafield tag="044" ind1=" " ind2=" ">
    <subfield code="c">XB-JP</subfield>
  </datafield>
  <datafield tag="100" ind1="1" ind2=" ">
    <subfield code="6">880-02</subfield>
    <subfield code="a">Itō, Michiharu</subfield>
    <subfield code="4">aut</subfield>
  </datafield>
  <datafield tag="880" ind1="1" ind2=" ">
    <subfield code="6">100-02/Jpan</subfield>
    <subfield code="a">伊藤, 道治</subfield>
  </datafield>
  <datafield tag="245" ind1="1" ind2="0">
    <subfield code="6">880-01</subfield>
    <subfield code="a">Zusetsu chūgoku no rekishi</subfield>
    <subfield code="n">1</subfield>
    <subfield code="p">Yomigaeru kodai / Itō Michiharu</subfield>
    <subfield code="c">Kikaku iin Andō Hikotarō, Enoki Kazuo, Hibino Takeo, Miyagawa Torao</subfield>
  </datafield>
  <datafield tag="880" ind1="1" ind2="0">
    <subfield code="6">245-01/Jpan</subfield>
    <subfield code="a">図説中国の歴史</subfield>
    <subfield code="9">O:H</subfield>
    <subfield code="9">F:331</subfield>
  </datafield>
  <datafield tag="880" ind1="1" ind2="0">
    <subfield code="6">245-01/Jpan</subfield>
    <subfield code="c">企画委員 安藤彦太郎・榎一雄・日比野丈夫・宮川寅雄</subfield>
    <subfield code="9">O:H</subfield>
    <subfield code="9">F:359</subfield>
  </datafield>
  <datafield tag="880" ind1="1" ind2="0">
    <subfield code="6">245-01/Jpan</subfield>
    <subfield code="n">1</subfield>
    <subfield code="9">F:089</subfield>
  </datafield>
  <datafield tag="880" ind1="1" ind2="0">
    <subfield code="6">245-01/Jpan</subfield>
    <subfield code="p">よみがえる古代</subfield>
    <subfield code="9">F:331</subfield>
  </datafield>
  <datafield tag="880" ind1="1" ind2="0">
    <subfield code="6">245-01/Jpan</subfield>
    <subfield code="p">伊藤道治</subfield>
    <subfield code="9">F:359</subfield>
  </datafield>
  <datafield tag="264" ind1=" " ind2="1">
    <subfield code="a">Tōkyō</subfield>
    <subfield code="b">Kōdansha</subfield>
    <subfield code="c">1976</subfield>
  </datafield>
  <datafield tag="300" ind1=" " ind2=" ">
    <subfield code="a">198 Seiten</subfield>
    <subfield code="b">Zahlreiche Illustrationen, Karten</subfield>
    <subfield code="e">Begleitheft "Geppō 1"</subfield>
  </datafield>
  <datafield tag="336" ind1=" " ind2=" ">
    <subfield code="b">txt</subfield>
  </datafield>
  <datafield tag="337" ind1=" " ind2=" ">
    <subfield code="b">n</subfield>
  </datafield>
  <datafield tag="338" ind1=" " ind2=" ">
    <subfield code="b">nc</subfield>
  </datafield>
  <datafield tag="500" ind1=" " ind2=" ">
    <subfield code="a">Hier auch später erschienene, unveränderte Nachdrucke</subfield>
    <subfield code="9">F:501</subfield>
  </datafield>
  <datafield tag="500" ind1=" " ind2=" ">
    <subfield code="a">Index</subfield>
    <subfield code="9">F:501</subfield>
  </datafield>
  <datafield tag="546" ind1=" " ind2=" ">
    <subfield code="a">Japanischer Text</subfield>
  </datafield>
  <datafield tag="546" ind1=" " ind2=" ">
    <subfield code="b">Japanische Schrift</subfield>
  </datafield>
  <datafield tag="700" ind1="1" ind2=" ">
    <subfield code="6">880-03</subfield>
    <subfield code="a">Andō, Hikotarō</subfield>
    <subfield code="d">1917-2009</subfield>
    <subfield code="0">(DE-588)1032941693</subfield>
    <subfield code="4">edt</subfield>
    <subfield code="9">O:H</subfield>
  </datafield>
  <datafield tag="880" ind1="1" ind2=" ">
    <subfield code="6">700-03/Jpan</subfield>
    <subfield code="a">安藤, 彦太郎</subfield>
    <subfield code="9">O:H</subfield>
  </datafield>
  <datafield tag="700" ind1="1" ind2=" ">
    <subfield code="6">880-04</subfield>
    <subfield code="a">Enoki, Kazuo</subfield>
    <subfield code="d">1913-1989</subfield>
    <subfield code="0">(DE-588)172063590</subfield>
    <subfield code="4">edt</subfield>
    <subfield code="9">O:H</subfield>
  </datafield>
  <datafield tag="880" ind1="1" ind2=" ">
    <subfield code="6">700-04/Jpan</subfield>
    <subfield code="a">榎, 一雄</subfield>
    <subfield code="9">O:H</subfield>
  </datafield>
  <datafield tag="700" ind1="1" ind2=" ">
    <subfield code="a">Hibino, Takeo</subfield>
    <subfield code="d">1914-2007</subfield>
    <subfield code="6">880-05</subfield>
    <subfield code="0">(DE-588)172137330</subfield>
    <subfield code="4">edt</subfield>
    <subfield code="9">O:H</subfield>
  </datafield>
  <datafield tag="880" ind1="1" ind2=" ">
    <subfield code="6">700-05/Jpan</subfield>
    <subfield code="a">日比野, 丈夫</subfield>
    <subfield code="9">O:H</subfield>
  </datafield>
  <datafield tag="700" ind1="1" ind2=" ">
    <subfield code="6">880-06</subfield>
    <subfield code="a">Miyagawa, Torao</subfield>
    <subfield code="d">1908-1984</subfield>
    <subfield code="0">(DE-588)172277140</subfield>
    <subfield code="4">edt</subfield>
    <subfield code="9">O:H</subfield>
  </datafield>
  <datafield tag="880" ind1="1" ind2=" ">
    <subfield code="6">700-06/Jpan</subfield>
    <subfield code="a">宮川, 寅雄</subfield>
    <subfield code="9">O:H</subfield>
  </datafield>
  <datafield tag="773" ind1="0" ind2="8">
    <subfield code="w">(DE-605)HT019316012</subfield>
    <subfield code="q">1</subfield>
  </datafield>
  <datafield tag="960" ind1="1" ind2=" ">
    <subfield code="f">jap</subfield>
  </datafield>
  <datafield tag="964" ind1="0" ind2="s">
    <subfield code="F">030</subfield>
    <subfield code="A">a|zur||||||||</subfield>
  </datafield>
  <datafield tag="964" ind1="0" ind2="s">
    <subfield code="F">050</subfield>
    <subfield code="A">a|a|||||||||||</subfield>
  </datafield>
  <datafield tag="035" ind1=" " ind2=" ">
    <subfield code="a">(DE-599)HBZHT019317250</subfield>
  </datafield>
  <datafield tag="MBD" ind1=" " ind2=" ">
    <subfield code="M">49HBZ_NETWORK</subfield>
    <subfield code="i">990218189790206441</subfield>
    <subfield code="n">HBZ Network</subfield>
  </datafield>
  <datafield tag="MNG" ind1=" " ind2=" ">
    <subfield code="c">System</subfield>
    <subfield code="f">ILS</subfield>
    <subfield code="i">marc21</subfield>
    <subfield code="k">01</subfield>
    <subfield code="e">false</subfield>
    <subfield code="d">2023-09-04 16:08:07 Europe/Berlin</subfield>
    <subfield code="g">021818979-HBZ01</subfield>
    <subfield code="j">60</subfield>
    <subfield code="a">import</subfield>
    <subfield code="b">2021-04-05 18:49:58 Europe/Berlin</subfield>
  </datafield>
</record>
